@mastersthesis{Salazar2024,
  author      = {Salazar Cuadros, Álvaro},
  title       = {Termodinámica Relativista},
  school      = {Universidad de Granada},
  year        = {2024},
  type        = {Trabajo Fin de Grado},
  note        = {Curso Académico 2023/2024},
  url         = {https://www.ugr.es/~bjanssen/text/TFG-AlvaroSalazarCuadros-corto.pdf}
}

@book{Hayward2001,
  author    = {Hayward, Sean A.},
  title     = {Relativistic Thermodynamics},
  publisher = {Springer},
  address   = {Berlin},
  year      = {2001},
  url       = {https://link.springer.com/book/10.1007/978-3-540-85418-0}
}

@book{Muller2007,
  author    = {M{\"u}ller, Ingo},
  title     = {A History of Thermodynamics: The Doctrine of Energy and Entropy},
  publisher = {Springer},
  address   = {Berlin},
  year      = {2007},
  doi       = {10.1007/978-3-540-46227-9}
}

@article{MasanesOppenheim2017,
  author  = {Masanes, Lluis and Oppenheim, Jonathan},
  title   = {A general derivation and quantification of the third law of thermodynamics},
  journal = {Nature Communications},
  volume  = {8},
  pages   = {14538},
  year    = {2017},
  doi     = {10.1038/ncomms14538}
}

@misc{Arxiv2401,
  author       = {{Autor desconocido}},
  title        = {Preprint en arXiv},
  year         = {2024},
  eprint       = {2401.04069},
  archiveprefix = {arXiv},
  primaryclass = {physics},
  url          = {https://arxiv.org/abs/2401.04069}
}